<record><leader>00000cas a22000007a 4500</leader><controlfield tag="001">14389428</controlfield><controlfield tag="008">861013d19791987txuwr ne      0    0eng d</controlfield><datafield ind1=" " ind2=" " tag="010"><subfield code="a">sn 86089497 </subfield></datafield><datafield ind1=" " ind2=" " tag="040"><subfield code="a">PPM</subfield><subfield code="b">eng</subfield><subfield code="c">PPM</subfield><subfield code="d">OCLCQ</subfield></datafield><datafield ind1=" " ind2=" " tag="042"><subfield code="a">msc</subfield></datafield><datafield ind1="0" ind2="0" tag="245"><subfield code="a">Salado village voice.</subfield></datafield><datafield ind1=" " ind2=" " tag="260"><subfield code="a">Salado, Tex. :</subfield><subfield code="b">Village Press,</subfield><subfield code="c">1979-1987.</subfield></datafield><datafield ind1=" " ind2=" " tag="300"><subfield code="a">v. :</subfield><subfield code="b">ill. ;</subfield><subfield code="c">58 cm.</subfield></datafield><datafield ind1=" " ind2=" " tag="310"><subfield code="a">Weekly</subfield></datafield><datafield ind1="0" ind2=" " tag="362"><subfield code="a">Vol. 1, no. 1 (Feb. 17, 1979)-v. 8, no. 46 (Jan. 15, 1987).</subfield></datafield><datafield ind1=" " ind2=" " tag="752"><subfield code="a">United States</subfield><subfield code="b">Texas</subfield><subfield code="c">Bell</subfield><subfield code="d">Salado.</subfield></datafield><datafield ind1="0" ind2="7" tag="785"><subfield code="t">Weekly independent</subfield></datafield><datafield ind1="0" ind2="7" tag="785"><subfield code="t">Salado village voice &amp; the weekly independent</subfield></datafield></record>